<?xml version="1.0" encoding="UTF-8"?><record xmlns="http://www.loc.gov/MARC21/slim" xmlns:cinclude="http://apache.org/cocoon/include/1.0" xmlns:zs="http://www.loc.gov/zing/srw/">
  <leader>00487cz  a2200157n  4500</leader>
  <controlfield tag="001">n  86120586 </controlfield>
  <controlfield tag="003">DLC</controlfield>
  <controlfield tag="005">20080413075429.0</controlfield>
  <controlfield tag="008">870519n| acannaabn          |n aaa      </controlfield>
  <datafield tag="010" ind1=" " ind2=" ">
    <subfield code="a">n  86120586 </subfield>
  </datafield>
  <datafield tag="035" ind1=" " ind2=" ">
    <subfield code="a">(OCoLC)oca01858480</subfield>
  </datafield>
  <datafield tag="040" ind1=" " ind2=" ">
    <subfield code="a">DLC</subfield>
    <subfield code="b">eng</subfield>
    <subfield code="c">DLC</subfield>
    <subfield code="d">OCoLC</subfield>
  </datafield>
  <datafield tag="100" ind1="1" ind2=" ">
    <subfield code="a">Lee, Marius Young-Heon</subfield>
  </datafield>
  <datafield tag="667" ind1=" " ind2=" ">
    <subfield code="a">Cannot identify with Yi, Yŏng-hŏn, 1917-</subfield>
  </datafield>
  <datafield tag="670" ind1=" " ind2=" ">
    <subfield code="a">His Jesus und die jüdische Autorität, c1986:</subfield>
    <subfield code="b">t.p. (Marius Young-Heon Lee)</subfield>
  </datafield>
  <datafield tag="675" ind1=" " ind2=" ">
    <subfield code="a">Hanʼguk inmyŏng, 1984.</subfield>
  </datafield>
</record>